01,121140399,3333333333,100831,1720,000001,80,1,2/
02,3333333333,121140399,1,100831,,USD,4/
03,3333333333,USD,,,,/
16,195,8325982,,,,FED NO: 20100831L1B77D1CDSDSDJSIO15608310954FT01
88,SENDER BNK:=ETRADE BANK
88,SENDER ID:=056073573
88,ORG:=OPTIONS LINK WIRE CLEARING
88,ORG ADDRESS:=2/AV MAIN 2/AVENUE DE ANGELLIST 3/MX
88,/MEXICO ;
88,BNF ID:=3300333333
88,BNF NAME:=YOUR NAME HERE INC
88,BNF ADDRESS:=185 B ST SAN FRAN, CA 94011
88,REC FI:=SIL VLY BK SCLA
88,REC ID:=121140399
88,OBI:=INVOICE 123456
49,8325982,14/
98,8325982,1,16/
99,8325982,1,18/